@article{Kamionkowski2016,
  author  = {Kamionkowski, Marc and Kovetz, Ely D.},
  title   = {The Quest for B Modes from Inflationary Gravitational Waves},
  journal = {Annual Review of Astronomy and Astrophysics},
  year    = {2016},
  volume  = {54},
  pages   = {227--269},
  doi     = {10.1146/annurev-astro-081915-023433}
}

@article{Planck2018IV,
  author       = {{Planck Collaboration}},
  title        = {Planck 2018 results. {IV}. Diffuse component separation},
  journal      = {Astronomy \& Astrophysics},
  year         = {2020},
  volume       = {641},
  pages        = {A4},
  doi          = {10.1051/0004-6361/201833881},
  archivePrefix= {arXiv},
  eprint       = {1807.06208}
}

@misc{SciPol,
  author = {SciPol Collaboration},
  title  = {SciPol Project},
  year   = {2024},
  howpublished = {\url{https://github.com/CMBSciPol}}
}


@misc{Optax,
  author = {DeepMind},
  title  = {Optax: Gradient Processing and Optimization in JAX},
  year   = {2020},
  howpublished = {\url{https://github.com/google-deepmind/optax}}
}

@misc{Bradbury2018JAX,
  author = {Bradbury, James and Frostig, Roy and Hawkins, Peter and Johnson, Matthew J. and Leary, Chris and Maclaurin, Dougal and Wanderman-Milne, Skye},
  title  = {JAX: composable transformations of Python+NumPy programs},
  year   = {2018},
  howpublished = {\url{https://github.com/google/jax}}
}

@article{Gorski2005,
  author  = {G{\'o}rski, K. M. and Hivon, E. and Banday, A. J. and Wandelt, B. D. and Hansen, F. K. and Reinecke, M. and Bartelmann, M.},
  title   = {HEALPix: A Framework for High-Resolution Discretization and Fast Analysis of Data Distributed on the Sphere},
  journal = {The Astrophysical Journal},
  year    = {2005},
  volume  = {622},
  number  = {2},
  pages   = {759--771},
  doi     = {10.1086/427976}
}

@article{healpy,
  author  = {Zonca, A. and Singer, L. P. and Lenz, D. and Reinecke, M. and Rosset, C. and Hivon, E. and G{\'o}rski, K. M.},
  title   = {healpy: equal area pixelization and spherical harmonics transforms for data on the sphere in Python},
  journal = {Journal of Open Source Software},
  year    = {2019},
  volume  = {4},
  number  = {35},
  pages   = {1298},
  doi     = {10.21105/joss.01298}
}

@software{jax-healpy,
author = {Chanial, Pierre and Morshed, Magdy and Biquard, Simon and Kabalan, Wassim},
license = {GPL-3.0},
title = {{jax-healpy: Implementation of HEALPix related functions and extensions in JAX}},
url = {https://github.com/CMBSciPol/jax-healpy}
}
@misc{jax-grid-search,
  author = {Kabalan, Wassim},
  title  = {jax-grid-search: Distributed grid search and sweeps in JAX/Optax},
  year   = {2024},
  howpublished = {\url{https://github.com/ASKabalan/jax-grid-search}}
}

@article{SO2019,
   title={The Simons Observatory: science goals and forecasts},
   volume={2019},
   ISSN={1475-7516},
   url={http://dx.doi.org/10.1088/1475-7516/2019/02/056},
   DOI={10.1088/1475-7516/2019/02/056},
   number={02},
   journal={Journal of Cosmology and Astroparticle Physics},
   publisher={IOP Publishing},
   author={Ade, Peter and others},
   year={2019},
   month=feb, pages={056–056} }


@inproceedings{LiteBIRD2019,
  author    = {Hazumi, M. and others},
  title     = {LiteBIRD: a satellite for the studies of B-mode polarization and inflation from cosmic background radiation detection},
  booktitle = {SPIE Conference Series},
  year      = {2019},
  volume    = {11443},
  pages     = {114432F},
  doi       = {10.1117/12.2563050}
}

@article{PySM,
  author  = {Thorne, Ben and others},
  title   = {PySM: Python Sky Model for simulating the microwave sky},
  year    = {2017},
  eprint  = {1701.02456},
  archivePrefix = {arXiv},
  primaryClass  = {astro-ph.IM}
}

@article{Cranmer2020SBI,
   title={The frontier of simulation-based inference},
   volume={117},
   ISSN={1091-6490},
   url={http://dx.doi.org/10.1073/pnas.1912789117},
   DOI={10.1073/pnas.1912789117},
   number={48},
   journal={Proceedings of the National Academy of Sciences},
   publisher={Proceedings of the National Academy of Sciences},
   author={Cranmer, Kyle and Brehmer, Johann and Louppe, Gilles},
   year={2020},
   month=may, pages={30055–30062} }

@book{HockneyEastwood1988,
  author    = {Hockney, R. W. and Eastwood, J. W.},
  title     = {Computer Simulation Using Particles},
  publisher = {CRC Press},
  year      = {1988},
  isbn      = {9780367573971}
}

@misc{NCCL,
  author = {{NVIDIA}},
  title  = {NCCL: NVIDIA Collective Communication Library},
  year   = {2021},
  howpublished = {\url{https://developer.nvidia.com/nccl}}
}


@software{jaxDecomp,
    author = {Kabalan, Wassim and Lanusse, Francois},
    license = {MIT},
    month = jan,
    title = {{jaxDecomp: JAX Library for 3D Domain Decomposition and Parallel FFTs}},
    url = {https://github.com/DifferentiableUniverseInitiative/jaxDecomp},
    version = {0.2.8},
    year = {2025}
    }

@misc{NumPyro,
      title={Composable Effects for Flexible and Accelerated Probabilistic Programming in NumPyro}, 
      author={Du Phan and Neeraj Pradhan and Martin Jankowiak},
      year={2019},
      eprint={1912.11554},
      archivePrefix={arXiv},
      primaryClass={stat.ML},
      url={https://arxiv.org/abs/1912.11554}, 
}

@misc{BlackJAX,
      title={BlackJAX: Composable Bayesian inference in JAX}, 
      author={Alberto Cabezas and others},
      year={2024},
      eprint={2402.10797},
      archivePrefix={arXiv},
      primaryClass={cs.MS},
      url={https://arxiv.org/abs/2402.10797}, 
}
@misc{DORIAN,
      title={Ray-tracing vs. Born approximation in full-sky weak lensing simulations of the MillenniumTNG project}, 
      author={Fulvio Ferlito and others},
      year={2025},
      eprint={2406.08540},
      archivePrefix={arXiv},
      primaryClass={astro-ph.CO},
      url={https://arxiv.org/abs/2406.08540}, 
}

@article{Schneider2015Baryonification,
  author  = {Schneider, Aurel and Teyssier, Romain},
  title   = {A new method to quantify the effects of baryons on the matter power spectrum},
  journal = {Monthly Notices of the Royal Astronomical Society},
  year    = {2015},
  volume  = {450},
  number  = {1},
  pages   = {1320--1333},
  doi     = {10.1093/mnras/stv633}
}

@article{Mroczkowski2019SZreview,
  author  = {Mroczkowski, Tony and others},
  title   = {Astrophysics with the Spatially and Spectrally Resolved Sunyaev–Zel’dovich Effects},
  journal = {Space Science Reviews},
  year    = {2019},
  volume  = {215},
  pages   = {17},
  doi     = {10.1007/s11214-019-0581-2}
}

@misc{PhysBaryon2025,
  title         = {Differentiable Physical Baryonification (example model)},
  year          = {2025},
  eprint        = {2507.07892},
  archivePrefix = {arXiv},
  primaryClass  = {astro-ph.CO},
  url           = {https://arxiv.org/abs/2507.07892}
}

@misc{FGBusterASCL,
  title        = {FGBuster: Parametric Component Separation},
  author       = {Poletti, Davide; Errard, Josquin},
  year         = {2023},
  howpublished = {\url{https://ascl.net/2307.021}},
  note         = {ASCL:2307.021}
}

@misc{JaxPM,
  author = {Lanusse, Fran\c{c}ois and collaborators},
  title  = {JAXPM: Differentiable Particle--Mesh in JAX},
  year   = {2020},
  howpublished = {\url{https://github.com/DifferentiableUniverseInitiative/JAXPM}}
}
