@article{Stompor_2009,
  title     = {Maximum likelihood algorithm for parametric component separation in cosmic microwave background experiments},
  volume    = {392},
  issn      = {1365-2966},
  url       = {http://dx.doi.org/10.1111/j.1365-2966.2008.14023.x},
  doi       = {10.1111/j.1365-2966.2008.14023.x},
  number    = {1},
  journal   = {Monthly Notices of the Royal Astronomical Society},
  publisher = {Oxford University Press (OUP)},
  author    = {Stompor, Radek},
  year      = {2009},
  month     = jan,
  pages     = {216â€“232}
}

@article{LiteBIRD_PTEP_2022,
  title     = {Probing cosmic inflation with theLiteBIRDcosmic microwave background polarization survey},
  volume    = {2023},
  issn      = {2050-3911},
  url       = {http://dx.doi.org/10.1093/ptep/ptac150},
  doi       = {10.1093/ptep/ptac150},
  number    = {4},
  journal   = {Progress of Theoretical and Experimental Physics},
  publisher = {Oxford University Press (OUP)},
  author    = {Allys, et al},
  year      = {2022},
  month     = nov
}

@misc{JAXHEALPY,
  author       = {Chanial, Pierre and Biquard, Simon and Kabalan, Wassim},
  title        = {{jax-healpy: Implementation of HEALPix related functions and extensions in JAX}},
  year         = {2024},
  howpublished = {\url{https://github.com/CMBSciPol/jax-healpy}}
}

@misc{FURAX,
  author       = {P. Chanial and the CMBSciPol team},
  title        = {FURAX: Flexible Unified Regression Analysis for Component Separation},
  year         = {2024},
  howpublished = {\url{https://github.com/CMBSciPol/furax}}
}